@misc{ref1,
  author = {Master ISTR-RODECO / E2 / SIA MASTER ISTR-RODECO-E2},
  title = {{Systèmes linéaires à Temps invariants Travaux pratiques}},
  howpublished = "\url{http://master-eea.univ-tlse3.fr/wp-content/uploads/2016/11/Sujets_TPs.pdf}",
  year = {2016}, 
  note = "[Online]"
}




